<record><leader>00000cas a2200000 a 4500</leader><controlfield tag="001">9236456</controlfield><controlfield tag="008">830218c19819999hiumr ne      0   a0eng d</controlfield><controlfield tag="009">1918</controlfield><datafield ind1=" " ind2=" " tag="010"><subfield code="a">sn 85047135 </subfield></datafield><datafield ind1=" " ind2=" " tag="040"><subfield code="a">HUH</subfield><subfield code="b">eng</subfield><subfield code="c">HUH</subfield><subfield code="d">HWN</subfield><subfield code="d">OCL</subfield><subfield code="d">OCLCQ</subfield><subfield code="d">OCLCF</subfield><subfield code="d">OCLCO</subfield></datafield><datafield ind1="1" ind2=" " tag="029"><subfield code="a">AU@</subfield><subfield code="b">000025835445</subfield></datafield><datafield ind1=" " ind2=" " tag="037"><subfield code="b">The Hawaiian news, 1229 Waimanu St., Honolulu, Hawaii 96814</subfield></datafield><datafield ind1=" " ind2=" " tag="042"><subfield code="a">msc</subfield></datafield><datafield ind1=" " ind2=" " tag="043"><subfield code="a">n-us-hi</subfield></datafield><datafield ind1=" " ind2="4" tag="050"><subfield code="a">DU624.65</subfield><subfield code="b">.H3794</subfield></datafield><datafield ind1="0" ind2="4" tag="245"><subfield code="a">The Hawaiian news =</subfield><subfield code="b">Ka nuhou Hawaii.</subfield></datafield><datafield ind1="3" ind2="1" tag="246"><subfield code="a">Nuhou Hawaii</subfield></datafield><datafield ind1=" " ind2=" " tag="260"><subfield code="a">Honolulu, Hawaii :</subfield><subfield code="b">[s.n.],</subfield><subfield code="c">1981-</subfield></datafield><datafield ind1=" " ind2=" " tag="300"><subfield code="a">v. :</subfield><subfield code="b">ill. ;</subfield><subfield code="c">41 cm.</subfield></datafield><datafield ind1=" " ind2=" " tag="310"><subfield code="a">Monthly</subfield></datafield><datafield ind1="0" ind2=" " tag="362"><subfield code="a">Vol. 1, no. 1 (Jan. 17, 1981)-</subfield></datafield><datafield ind1=" " ind2=" " tag="515"><subfield code="a">None published in Apr. 1981.</subfield></datafield><datafield ind1=" " ind2="0" tag="650"><subfield code="a">Hawaiians</subfield><subfield code="v">Newspapers.</subfield></datafield><datafield ind1=" " ind2="7" tag="655"><subfield code="a">Newspapers.</subfield><subfield code="2">fast</subfield><subfield code="0">(OCoLC)fst01423814</subfield></datafield><datafield ind1=" " ind2="7" tag="650"><subfield code="a">Hawaiians.</subfield><subfield code="2">fast</subfield><subfield code="0">(OCoLC)fst00952033</subfield></datafield><datafield ind1=" " ind2=" " tag="752"><subfield code="a">United States</subfield><subfield code="b">Hawaii</subfield><subfield code="c">Honolulu</subfield><subfield code="d">Honolulu.</subfield></datafield></record>